@Book{cookbook,
	author    = {González, Javier Fernández},
	title     = {Java 9 Concurrency Cookbook, Second Edition},
	year      = {2017},
	date      = {2017-04-24},
	publisher = {Packt Publishing},
	isbn      = {178712441X},
	pagetotal = {594},
	ean       = {9781787124417},
	keywords  = {main}
}

@online{memorymodes,
	author   = {Lea, Doug},
	title    = {Using JDK 9 Memory Order Modes},
	date     = {2019-11},
	url      = {http://gee.cs.oswego.edu/dl/html/j9mm.html},
	urldate  = {2019-11-25},
	keywords = {main}
}

@online{jep193,
	author   = {Lea, Doug},
	title    = {JEP 193: Variable Handles},
	date     = {2017-08},
	url      = {https://openjdk.java.net/jeps/193},
	urldate  = {2019-11-25},
	keywords = {main},
}

@online{javadoc:varhandle,
	author   = {{Oracle Corporation}},
	title    = {Class VarHandle},
	url      = {https://docs.oracle.com/en/java/javase/13/docs/api/java.base/java/lang/invoke/VarHandle.html},
	urldate  = {2019-11-25},
	keywords = {documentation},
}

@online{javadoc:atomic,
	author   = {{Oracle Corporation}},
	title    = {Package java.util.concurrent.atomic},
	url      = {https://docs.oracle.com/en/java/javase/13/docs/api/java.base/java/util/concurrent/atomic/package-summary.html},
	urldate  = {2019-11-25},
	keywords = {documentation},
}

@online{javadoc:concurrent,
	author   = {{Oracle Corporation}},
	title    = {Package java.util.concurrent},
	url      = {https://docs.oracle.com/en/java/javase/13/docs/api/java.base/java/util/concurrent/package-summary.html},
	urldate  = {2019-11-27},
	keywords = {documentation},
}

@online{javadoc:blockingqueue,
	author   = {{Oracle Corporation}},
	title    = {Interface BlockingQueue<E>},
	url      = {https://docs.oracle.com/javase/7/docs/api/java/util/concurrent/BlockingQueue.html},
	urldate  = {2019-11-27},
	keywords = {documentation},
}



